@article{einstein,
  title        = {{Zur Elektrodynamik bewegter K{\"o}rper}. ({German}) [{On} the electrodynamics of moving bodies]},
  author       = {Albert Einstein},
  year         = 1905,
  journal      = {Annalen der Physik},
  volume       = 322,
  number       = 10,
  pages        = {891--921},
  doi          = {http://dx.doi.org/10.1002/andp.19053221004}
}

@article{marvuglia12,
  title        = {Monitoring of wind farms’ power curves using machine learning techniques},
  author       = {Antonino Marvuglia and Antonio Messineo},
  year         = 2012,
  journal      = {Applied Energy},
  volume       = 98,
  pages        = {574--583},
  doi          = {https://doi.org/10.1016/j.apenergy.2012.04.037},
  issn         = {0306-2619},
  url          = {https://www.sciencedirect.com/science/article/pii/S0306261912003236},
}

@article{villaneuva18,
  title        = {Comparison of logistic functions for modeling wind turbine power curves},
  author       = {Daniel Villanueva and Andrés Feijóo},
  year         = 2018,
  journal      = {Electric Power Systems Research},
  volume       = 155,
  pages        = {281--288},
  doi          = {https://doi.org/10.1016/j.epsr.2017.10.028},
  issn         = {0378-7796},
  url          = {https://www.sciencedirect.com/science/article/pii/S0378779617304340},
}

@misc{knuthwebsite,
  title        = {Knuth: Computers and Typesetting},
  author       = {Donald Knuth},
  url          = {http://www-cs-faculty.stanford.edu/\~{}uno/abcde.html}
}

@book{latexcompanion,
  title        = {The \LaTeX\ Companion},
  author       = {Michel Goossens and Frank Mittelbach and Alexander Samarin},
  year         = 1993,
  publisher    = {Addison-Wesley},
  address      = {Reading, Massachusetts}
}
